@article{Zaleski2015,
  doi = {10.1515/nuka-2015-0143},
  year = {2015},
  publisher = {Walter de Gruyter {GmbH}},
  volume = {60},
  number = {4},
  pages = {795--800},
  author = {Rados{\l}aw Zaleski},
  title = {Principles of positron porosimetry},
  journal = {Nukleonika}
}