@article{Zaleski2015,
  doi = {10.1515/nuka-2015-0143},
  year = {2015},
  publisher = {Walter de Gruyter {GmbH}},
  volume = {60},
  number = {4},
  pages = {795--800},
  author = {Rados{\l}aw Zaleski},
  title = {Principles of positron porosimetry},
  journal = {Nukleonika}
}
@misc{NIST:DLMF,
         key = "{\relax DLMF}",
       title = "{\it NIST Digital Library of Mathematical Functions}",
howpublished = "http://dlmf.nist.gov/, Release 1.1.3 of 2021-09-15",
         url = "http://dlmf.nist.gov/",
        note = "F.~W.~J. Olver, A.~B. {Olde Daalhuis}, D.~W. Lozier, B.~I. Schneider,
                R.~F. Boisvert, C.~W. Clark, B.~R. Miller, B.~V. Saunders,
                H.~S. Cohl, and M.~A. McClain, eds."}
